<?xml version="1.0" encoding="UTF-8"?>
<collection xmlns:xsi="http://www.w3.org/2001/XMLSchema-instance" xsi:schemaLocation="http://www.loc.gov/MARC21/slim http://www.loc.gov/standards/marcxml/schema/MARC21slim.xsd" xmlns="http://www.loc.gov/MARC21/slim">
<record>
  <leader>00619cam a22002171  4500</leader>
  <controlfield tag="001">3269432</controlfield>
  <controlfield tag="003">NNC</controlfield>
  <controlfield tag="005">20151117185901.0</controlfield>
  <controlfield tag="008">020425s1906    ua            000 0 ara d</controlfield>
  <datafield tag="035" ind1=" " ind2=" ">
    <subfield code="a">(OCoLC)84596556</subfield>
  </datafield>
  <datafield tag="035" ind1=" " ind2=" ">
    <subfield code="a">(OCoLC)ocm84596556</subfield>
  </datafield>
  <datafield tag="035" ind1=" " ind2=" ">
    <subfield code="9">AUP6159CU</subfield>
  </datafield>
  <datafield tag="035" ind1=" " ind2=" ">
    <subfield code="a">(NNC)3269432</subfield>
  </datafield>
  <datafield tag="040" ind1=" " ind2=" ">
    <subfield code="a">ZCU</subfield>
    <subfield code="c">ZCU</subfield>
  </datafield>
  <datafield tag="099" ind1=" " ind2=" ">
    <subfield code="a">893.781</subfield>
    <subfield code="a">Su9</subfield>
  </datafield>
  <datafield tag="100" ind1="1" ind2=" ">
    <subfield code="a">Suwaydī, ʻAbd al-Raḥmān ibn ʻAbd Allāh,</subfield>
    <subfield code="d">1721 or 1722-1786.</subfield>
  </datafield>
  <datafield tag="245" ind1="1" ind2="0">
    <subfield code="a">Maqāmat al-amthāl al-sāʾirah...</subfield>
  </datafield>
  <datafield tag="260" ind1=" " ind2=" ">
    <subfield code="a">Cairo :</subfield>
    <subfield code="b">Maṭbaʻat al-Nīl,</subfield>
    <subfield code="c">1324 A.H. [1906]</subfield>
  </datafield>
  <datafield tag="300" ind1=" " ind2=" ">
    <subfield code="a">90 p.</subfield>
    <subfield code="c">20 cm.</subfield>
  </datafield>
  <datafield tag="650" ind1=" " ind2="0">
    <subfield code="a">Proverbs, Arabic.</subfield>
  </datafield>
  <datafield tag="955" ind1=" " ind2=" ">
    <subfield code="b">CU07842260</subfield>
    <subfield code="d">off,glx</subfield>
    <subfield code="e">893.781 Su9</subfield>
  </datafield>
</record>
</collection>